{
  "You": {
    "conversation_id": "faf216a2-e189-4d18-95b3-4d80e2d4f906",
    "system": {
      "initialized": true,
      "dialog_stack": [
        {
          "dialog_node": "root"
        }
      ],
      "dialog_turn_counter": 2,
      "dialog_request_counter": 2,
      "_node_output_map": {
        "node_2_1521177918907": [
          0,
          1,
          0
        ],
        "node_2_1520827543880": [
          0,
          2,
          0,
          3,
          1
        ]
      },
      "branch_exited": true,
      "branch_exited_reason": "completed"
    },
    "mode": "stock",
    "user": {
      "id": "ESEy8VbubNx7zwgCVEvONU-5|0000018",
      "channelId": "webchat",
      "user": {
        "id": "YVeZXaLust",
        "name": "You"
      },
      "conversation": {
        "id": "ESEy8VbubNx7zwgCVEvONU-5"
      },
      "bot": {
        "id": "StockZia_Dev@ZXbcBkB5XsM",
        "name": "StockZia_Dev"
      },
      "serviceUrl": "https://webchat.botframework.com/"
    },
    "lastStock": "AAPL",
    "stock": {
      "company": {
        "symbol": "AAPL",
        "companyName": "Apple Inc.",
        "exchange": "Nasdaq Global Select",
        "industry": "Computer Hardware",
        "website": "http://www.apple.com",
        "description": "Apple Inc is designs, manufactures and markets mobile communication and media devices and personal computers, and sells a variety of related software, services, accessories, networking solutions and third-party digital content and applications.",
        "CEO": "Timothy D. Cook",
        "issueType": "cs",
        "sector": "Technology",
        "tags": [
          "Technology",
          "Consumer Electronics",
          "Computer Hardware"
        ]
      },
      "logo": {
        "url": "https://storage.googleapis.com/iex/api/logos/AAPL.png"
      },
      "quote": {
        "symbol": "AAPL",
        "companyName": "Apple Inc.",
        "primaryExchange": "Nasdaq Global Select",
        "sector": "Technology",
        "calculationPrice": "close",
        "open": 186.63,
        "openTime": 1559914200864,
        "close": 190.15,
        "closeTime": 1559937600519,
        "high": 191.92,
        "low": 185.77,
        "latestPrice": 190.15,
        "latestSource": "Close",
        "latestTime": "June 7, 2019",
        "latestUpdate": 1559937600519,
        "latestVolume": 30623673,
        "iexRealtimePrice": 190.01,
        "iexRealtimeSize": 100,
        "iexLastUpdated": 1559937728810,
        "delayedPrice": 190.15,
        "delayedPriceTime": 1559937600519,
        "extendedPrice": 190.1,
        "extendedChange": -0.05,
        "extendedChangePercent": -0.00026,
        "extendedPriceTime": 1559941182340,
        "previousClose": 185.22,
        "change": 4.93,
        "changePercent": 0.02662,
        "iexMarketPercent": 0.03899,
        "iexVolume": 1194017,
        "avgTotalVolume": 32222468,
        "iexBidPrice": 0,
        "iexBidSize": 0,
        "iexAskPrice": 0,
        "iexAskSize": 0,
        "marketCap": 874894411250,
        "peRatio": 15.64,
        "week52High": 233.47,
        "week52Low": 142,
        "ytdChange": 0.20905922618603015
      },
      "stats": {
        "companyName": "Apple Inc.",
        "marketcap": 852211111500,
        "beta": 1.197609,
        "week52high": 233.47,
        "week52low": 142,
        "week52change": -3.0624,
        "shortInterest": 0,
        "shortDate": 0,
        "dividendRate": 3.08,
        "dividendYield": 1.6628873,
        "exDividendDate": "2019-05-10 00:00:00.0",
        "latestEPS": 11.88,
        "latestEPSDate": "2018-09-30",
        "sharesOutstanding": 4601075000,
        "float": 4591318888,
        "returnOnEquity": 51.64,
        "consensusEPS": 4.17,
        "numberOfEstimates": 11,
        "EPSSurpriseDollar": null,
        "EPSSurprisePercent": 0.2398,
        "symbol": "AAPL",
        "EBITDA": 0,
        "revenue": 0,
        "grossProfit": 0,
        "cash": 0,
        "debt": 0,
        "ttmEPS": 12.16,
        "revenuePerShare": 0,
        "revenuePerEmployee": 0,
        "peRatioHigh": 25,
        "peRatioLow": 9.7,
        "returnOnAssets": 16.9,
        "returnOnCapital": null,
        "profitMargin": 22.2,
        "priceToSales": 3.249179,
        "priceToBook": 7.93,
        "day200MovingAvg": 189.76015,
        "day50MovingAvg": 193.65646,
        "institutionPercent": 92.4,
        "insiderPercent": null,
        "shortRatio": null,
        "year5ChangePercent": 1.1567730148361113,
        "year2ChangePercent": 0.2400976973631354,
        "year1ChangePercent": 0.002182704367464854,
        "ytdChangePercent": 0.18243922618603015,
        "month6ChangePercent": 0.05509544107854197,
        "month3ChangePercent": 0.08081864922760733,
        "month1ChangePercent": -0.09092426135755699,
        "day5ChangePercent": 0.057976809276289516,
        "day30ChangePercent": -0.09424551022653646
      },
      "financials": {
        "symbol": "AAPL",
        "financials": [
          {
            "reportDate": "2019-03-31",
            "grossProfit": 21821000000,
            "costOfRevenue": 36194000000,
            "operatingRevenue": 58015000000,
            "totalRevenue": 58015000000,
            "operatingIncome": 13415000000,
            "netIncome": 11561000000,
            "researchAndDevelopment": 3948000000,
            "operatingExpense": 8406000000,
            "currentAssets": 123346000000,
            "totalAssets": 341998000000,
            "totalLiabilities": 236138000000,
            "currentCash": 39817000000,
            "currentDebt": 22429000000,
            "totalCash": 80092000000,
            "totalDebt": 112630000000,
            "shareholderEquity": 105860000000,
            "cashChange": -4954000000,
            "cashFlow": 11155000000,
            "operatingGainsLosses": null
          },
          {
            "reportDate": "2018-12-31",
            "grossProfit": 32031000000,
            "costOfRevenue": 52279000000,
            "operatingRevenue": 84310000000,
            "totalRevenue": 84310000000,
            "operatingIncome": 23346000000,
            "netIncome": 19965000000,
            "researchAndDevelopment": 3902000000,
            "operatingExpense": 8685000000,
            "currentAssets": 140828000000,
            "totalAssets": 373719000000,
            "totalLiabilities": 255827000000,
            "currentCash": 44771000000,
            "currentDebt": 21741000000,
            "totalCash": 86427000000,
            "totalDebt": 114730000000,
            "shareholderEquity": 117892000000,
            "cashChange": 18858000000,
            "cashFlow": 26690000000,
            "operatingGainsLosses": null
          },
          {
            "reportDate": "2018-09-30",
            "grossProfit": 24084000000,
            "costOfRevenue": 38816000000,
            "operatingRevenue": 62900000000,
            "totalRevenue": 62900000000,
            "operatingIncome": 16118000000,
            "netIncome": 14125000000,
            "researchAndDevelopment": 3750000000,
            "operatingExpense": 7966000000,
            "currentAssets": 131339000000,
            "totalAssets": 365725000000,
            "totalLiabilities": 258578000000,
            "currentCash": 25913000000,
            "currentDebt": 20748000000,
            "totalCash": 66301000000,
            "totalDebt": 114483000000,
            "shareholderEquity": 107147000000,
            "cashChange": -6058000000,
            "cashFlow": 19523000000,
            "operatingGainsLosses": null
          },
          {
            "reportDate": "2018-06-30",
            "grossProfit": 20421000000,
            "costOfRevenue": 32844000000,
            "operatingRevenue": 53265000000,
            "totalRevenue": 53265000000,
            "operatingIncome": 12612000000,
            "netIncome": 11519000000,
            "researchAndDevelopment": 3701000000,
            "operatingExpense": 7809000000,
            "currentAssets": 115761000000,
            "totalAssets": 349197000000,
            "totalLiabilities": 234248000000,
            "currentCash": 31971000000,
            "currentDebt": 17472000000,
            "totalCash": 70970000000,
            "totalDebt": 114600000000,
            "shareholderEquity": 114949000000,
            "cashChange": -13088000000,
            "cashFlow": 14488000000,
            "operatingGainsLosses": null
          }
        ]
      },
      "news": [
        {
          "datetime": "2019-06-07T16:21:21-04:00",
          "headline": "Apple: Disingenuous About Convergence",
          "source": "SeekingAlpha",
          "url": "https://api.iextrading.com/1.0/stock/aapl/article/6223072272470668",
          "summary": "     Rethink Technology business briefs for June 7, 2019.    Apple pursues its convergence of tablet and PC at WWDC     Apple CEO Tim Cook kicks off WWDC 2019. Source:  Apple .    Back in April 2012, Apple ( AAPL ) CEO Tim Cook made his famous statement about converging the tablet and PC during t…",
          "related": "AAPL,INTC,MSFT,NASDAQ01,SEM31169,SEM31169147,Computing and Information Technology",
          "image": "https://api.iextrading.com/1.0/stock/aapl/news-image/6223072272470668"
        },
        {
          "datetime": "2019-06-07T11:30:20-04:00",
          "headline": "JPMorgan Chase Is Building A More Digital Culture",
          "source": "SeekingAlpha",
          "url": "https://api.iextrading.com/1.0/stock/aapl/article/6258545608391940",
          "summary": "   I have been writing more and more about the efforts of JPMorgan Chase (NYSE: JPM) to take the lead among the large banks in moving the banking industry  to the next stage of the information era .   I have also written about how the company is  attempting to build platforms  rather than just re…",
          "related": "AAPL,BAC,C,Computer Hardware,CON31167138,JPM,NASDAQ01,NYSE0001,Computing and Information Technology,WFC",
          "image": "https://api.iextrading.com/1.0/stock/aapl/news-image/6258545608391940"
        },
        {
          "datetime": "2019-06-07T06:53:14-04:00",
          "headline": "XLF: Performance And Valuation Update - June 2019",
          "source": "SeekingAlpha",
          "url": "https://api.iextrading.com/1.0/stock/aapl/article/7492339916956147",
          "summary": "    The Financial Select Sector SPDR ETF  (NYSE: XLF ) tracks the performance of the S&amp;P 500 financial sector stocks. XLF with an inception date in 1998 currently has $23 billion in total assets and has become one of the largest and most liquid sector-specific exchange traded funds. The group…",
          "related": "AAPL,AFL,AIG,AMG,BAC,BBT,BK,BLK,BRK.A,BRK.B,C,CFG,CME,Computer Hardware,CON31167138,FRC,GS,IVZ,JPM,KHC,MET,MMC,MS,MSCI,NASDAQ01,NYSE0001,PNC,PRU,SCHW,STI,STT,SYF,Computing and Information Technology,TROW,USB,WFC,XLF",
          "image": "https://api.iextrading.com/1.0/stock/aapl/news-image/7492339916956147"
        }
      ],
      "earnings": {},
      "peers": [
        "XLK"
      ],
      "url": "https://api.iextrading.com/1.0/stock/AAPL/batch?types=company,logo,quote,stats,financials,news,earnings,peers"
    }
  },
  "Jacob Claessens": {
    "conversation_id": "eaf5fea4-153c-42a4-8e51-fb27311f2cad",
    "system": {
      "initialized": true,
      "dialog_stack": [
        {
          "dialog_node": "root"
        }
      ],
      "dialog_turn_counter": 3,
      "dialog_request_counter": 3,
      "_node_output_map": {
        "node_2_1521177918907": [
          0,
          0,
          1
        ],
        "node_2_1520827543880": [
          0,
          3,
          0,
          1,
          2
        ]
      },
      "branch_exited": true,
      "branch_exited_reason": "completed"
    },
    "mode": "stock",
    "user": {
      "id": "JrCuh704UtJpjLGP1yhrseNwj0DFh5zHG8lzTuiYCEuuuY2RRgFfCTej4WFMDs9UFl317Z7phgIC860le0kciA",
      "channelId": "facebook",
      "user": {
        "id": "1531011940353275",
        "name": "Jacob Claessens"
      },
      "conversation": {
        "isGroup": false,
        "id": "1531011940353275-2053562471594797"
      },
      "bot": {
        "id": "2053562471594797",
        "name": "StockZia_Dev"
      },
      "serviceUrl": "https://facebook.botframework.com/"
    },
    "lastStock": "HD",
    "stock": {
      "company": {
        "symbol": "HD",
        "companyName": "Home Depot Inc. (The)",
        "exchange": "New York Stock Exchange",
        "industry": "Retail - Apparel & Specialty",
        "website": "https://www.homedepot.com",
        "description": "The Home Depot Inc is a home improvement specialty retailer. Its stores sell an assortment of building materials, home improvement and lawn and garden products and provide a number of services.",
        "CEO": "Craig A. Menear",
        "issueType": "cs",
        "sector": "Consumer Cyclical",
        "tags": [
          "Consumer Cyclical",
          "Home Improvement Stores",
          "Retail - Apparel & Specialty"
        ]
      },
      "logo": {
        "url": "https://storage.googleapis.com/iex/api/logos/HD.png"
      },
      "quote": {
        "symbol": "HD",
        "companyName": "Home Depot Inc. (The)",
        "primaryExchange": "New York Stock Exchange",
        "sector": "Consumer Cyclical",
        "calculationPrice": "close",
        "open": 197.05,
        "openTime": 1559914301608,
        "close": 197.3,
        "closeTime": 1559937655079,
        "high": 199.02,
        "low": 196.21,
        "latestPrice": 197.3,
        "latestSource": "Close",
        "latestTime": "June 7, 2019",
        "latestUpdate": 1559937655079,
        "latestVolume": 3428298,
        "iexRealtimePrice": 197.29,
        "iexRealtimeSize": 100,
        "iexLastUpdated": 1559937596752,
        "delayedPrice": 197.3,
        "delayedPriceTime": 1559937655079,
        "extendedPrice": 197.3,
        "extendedChange": 0,
        "extendedChangePercent": 0,
        "extendedPriceTime": 1559940062730,
        "previousClose": 197.17,
        "change": 0.13,
        "changePercent": 0.00066,
        "iexMarketPercent": 0.03138,
        "iexVolume": 107580,
        "avgTotalVolume": 4189581,
        "iexBidPrice": 0,
        "iexBidSize": 0,
        "iexAskPrice": 0,
        "iexAskSize": 0,
        "marketCap": 217570859871,
        "peRatio": 25.1,
        "week52High": 215.43,
        "week52Low": 158.09,
        "ytdChange": 0.1608670802229912
      },
      "stats": {
        "companyName": "Home Depot Inc. (The)",
        "marketcap": 217427503501,
        "beta": 1.108187,
        "week52high": 215.43,
        "week52low": 158.09,
        "week52change": 4.4782,
        "shortInterest": 9612037,
        "shortDate": "2019-04-15",
        "dividendRate": 5.44,
        "dividendYield": 2.7590404,
        "exDividendDate": "2019-06-05 00:00:00.0",
        "latestEPS": 9.74,
        "latestEPSDate": "2019-01-31",
        "sharesOutstanding": 1102741307,
        "float": 1071614567,
        "returnOnEquity": -3891.18,
        "consensusEPS": 2.06,
        "numberOfEstimates": 15,
        "EPSSurpriseDollar": null,
        "EPSSurprisePercent": 0.9709,
        "symbol": "HD",
        "EBITDA": 0,
        "revenue": 0,
        "grossProfit": 0,
        "cash": 0,
        "debt": 0,
        "ttmEPS": 7.86,
        "revenuePerShare": 0,
        "revenuePerEmployee": 0,
        "peRatioHigh": 32.1,
        "peRatioLow": 19.5,
        "returnOnAssets": 23.69,
        "returnOnCapital": null,
        "profitMargin": 10.14,
        "priceToSales": 1.9783301,
        "priceToBook": 157.05,
        "day200MovingAvg": 186.3631,
        "day50MovingAvg": 195.92844,
        "institutionPercent": null,
        "insiderPercent": null,
        "shortRatio": 2.34,
        "year5ChangePercent": 1.7313441726383507,
        "year2ChangePercent": 0.33366883048803314,
        "year1ChangePercent": 0.071668110631239,
        "ytdChangePercent": 0.1602070802229912,
        "month6ChangePercent": 0.19034538550238164,
        "month3ChangePercent": 0.042644404690075306,
        "month1ChangePercent": -0.030408593499897055,
        "day5ChangePercent": 0.045841009040050756,
        "day30ChangePercent": -0.038484514660709505
      },
      "financials": {
        "symbol": "HD",
        "financials": [
          {
            "reportDate": "2019-01-31",
            "grossProfit": 9027000000,
            "costOfRevenue": 17464000000,
            "operatingRevenue": 26491000000,
            "totalRevenue": 26491000000,
            "operatingIncome": 3625000000,
            "netIncome": 2344000000,
            "researchAndDevelopment": null,
            "operatingExpense": 5402000000,
            "currentAssets": 18529000000,
            "totalAssets": 44003000000,
            "totalLiabilities": 45881000000,
            "currentCash": 1778000000,
            "currentDebt": 2395000000,
            "totalCash": 1778000000,
            "totalDebt": 29202000000,
            "shareholderEquity": -1878000000,
            "cashChange": 39000000,
            "cashFlow": 3002000000,
            "operatingGainsLosses": null
          },
          {
            "reportDate": "2018-10-31",
            "grossProfit": 9151000000,
            "costOfRevenue": 17151000000,
            "operatingRevenue": 26302000000,
            "totalRevenue": 26302000000,
            "operatingIncome": 3870000000,
            "netIncome": 2867000000,
            "researchAndDevelopment": null,
            "operatingExpense": 5281000000,
            "currentAssets": 19809000000,
            "totalAssets": 45200000000,
            "totalLiabilities": 43880000000,
            "currentCash": 1764000000,
            "currentDebt": 2452000000,
            "totalCash": 1764000000,
            "totalDebt": 25784000000,
            "shareholderEquity": 1320000000,
            "cashChange": -1855000000,
            "cashFlow": 2129000000,
            "operatingGainsLosses": null
          },
          {
            "reportDate": "2018-07-31",
            "grossProfit": 10365000000,
            "costOfRevenue": 20098000000,
            "operatingRevenue": 30463000000,
            "totalRevenue": 30463000000,
            "operatingIncome": 4901000000,
            "netIncome": 3506000000,
            "researchAndDevelopment": null,
            "operatingExpense": 5464000000,
            "currentAssets": 20802000000,
            "totalAssets": 46232000000,
            "totalLiabilities": 44223000000,
            "currentCash": 3490000000,
            "currentDebt": 2203000000,
            "totalCash": 3490000000,
            "totalDebt": 25498000000,
            "shareholderEquity": 2009000000,
            "cashChange": -15000000,
            "cashFlow": 3926000000,
            "operatingGainsLosses": null
          },
          {
            "reportDate": "2018-04-30",
            "grossProfit": 8617000000,
            "costOfRevenue": 16330000000,
            "operatingRevenue": 24947000000,
            "totalRevenue": 24947000000,
            "operatingIncome": 3381000000,
            "netIncome": 2404000000,
            "researchAndDevelopment": null,
            "operatingExpense": 5236000000,
            "currentAssets": 21214000000,
            "totalAssets": 46650000000,
            "totalLiabilities": 44963000000,
            "currentCash": 3599000000,
            "currentDebt": 1549000000,
            "totalCash": 3599000000,
            "totalDebt": 25793000000,
            "shareholderEquity": 1687000000,
            "cashChange": 33000000,
            "cashFlow": 3981000000,
            "operatingGainsLosses": null
          }
        ]
      },
      "news": [
        {
          "datetime": "2019-06-06T14:39:04-04:00",
          "headline": "Guggenheim positive on Home Depot",
          "source": "SeekingAlpha",
          "url": "https://api.iextrading.com/1.0/stock/hd/article/7244758894434422",
          "summary": "     Guggenheim  reiterates  a Buy rating on Home Depot ( HD   +0.1% ) and price target of $215.   More news on: The Home Depot, Inc., Consumer stocks news,     Read more …     ",
          "related": "CON102,HD,HOMIMSTR,RET10217,WOMPOLIX",
          "image": "https://api.iextrading.com/1.0/stock/hd/news-image/7244758894434422"
        },
        {
          "datetime": "2019-06-06T06:46:40-04:00",
          "headline": "My Dividend Growth Portfolio May Update: 42 Holdings, 1 Buy",
          "source": "SeekingAlpha",
          "url": "https://api.iextrading.com/1.0/stock/hd/article/4574271627174995",
          "summary": "     Introduction   Welcome to my monthly update for my dividend growth portfolio. This article series covers my investing journey as a father of two towards my eventual retirement. Any specific stocks or amounts are particular to my self-directed 401K plan.   The goal of my portfolio is to gener…",
          "related": "AAPL,ABBV,ABT,AMGN,AMP,APLE,CMI,Computer Hardware,CON31167138,CSCO,CVS,DIS,Cash Or Stock Dividend,EFAS,GLW,GOOG,GOOGL,HD,IRM,ITW,JNJ,JPM,KHC,MA,MDT,MLPA,MMM,MO,NASDAQ01,NKE,NLY,PCEF,PRU,SBUX,SCHD,SDEM,SDIV,SKT,SPG,SRET,STAG,SWK,T,Computing and Information Technology,TROW,TRV,UTX,V,VNQ,VTR,WBA,WPC,XLU",
          "image": "https://api.iextrading.com/1.0/stock/hd/news-image/4574271627174995"
        }
      ],
      "earnings": {},
      "peers": [],
      "url": "https://api.iextrading.com/1.0/stock/HD/batch?types=company,logo,quote,stats,financials,news,earnings,peers"
    }
  }
}